<?xml version="1.0" encoding="UTF-8"?><collection xmlns="http://www.loc.gov/MARC21/slim"><record><leader>00566nam--2200193-u-4500</leader><controlfield tag="001">000053031</controlfield><controlfield tag="002">20161230</controlfield><controlfield tag="005">20161230201050</controlfield><controlfield tag="008">110103s1000------------r-----000-0-eng-d</controlfield><datafield ind1=" " ind2=" " tag="020"><subfield code="a">0917406087</subfield></datafield><datafield ind1=" " ind2=" " tag="040"><subfield code="a">IFIN-HH</subfield></datafield><datafield ind1=" " ind2=" " tag="080"><subfield code="a">(51.7):537</subfield></datafield><datafield ind1="1" ind2=" " tag="100"><subfield code="a">Jefimenko, Oleg D</subfield></datafield><datafield ind1="1" ind2="0" tag="245"><subfield code="a">Electricity and magnetism</subfield><subfield code="b">An introduction to the thory of electric and magnetic fields</subfield><subfield code="c">Oleg d. jefimenko</subfield></datafield><datafield ind1=" " ind2=" " tag="250"><subfield code="a">Second Edition</subfield></datafield><datafield ind1=" " ind2=" " tag="260"><subfield code="a">Star City</subfield><subfield code="b">Electret Scientific Company</subfield><subfield code="c">1989</subfield></datafield><datafield ind1=" " ind2=" " tag="300"><subfield code="a">597P</subfield></datafield><datafield ind1=" " ind2=" " tag="852"><subfield code="a">82230</subfield><subfield code="c">537:538</subfield></datafield><datafield ind1=" " ind2=" " tag="CAT"><subfield code="a">Sys</subfield><subfield code="c">20110103</subfield><subfield code="h">125848</subfield></datafield></record></collection>